@misc{maven, 
	 author={Apache},
	 title={Apache Maven Project}, 
	 howpublished={\url{https://maven.apache.org/}}
},

@misc{apachecli, 
	 author={Apache Commons},
	 title={Apache Commons CLI}, 
	 howpublished={\url{https://commons.apache.org/proper/commons-cli/}}
}
